%% This BibTeX bibliography file was created using BibDesk.
%% http://bibdesk.sourceforge.net/


%% Created for Dan Hicks at 2016-11-16 13:16:05 -0500 


%% Saved with string encoding Unicode (UTF-8) 



@article{Greene2014,
	Author = {Derek Greene and Derek O'Callaghan and P{\'a}draig Cunningham},
	Date = {2014-06-19},
	Date-Added = {2016-11-16 18:15:54 +0000},
	Date-Modified = {2016-11-16 18:15:54 +0000},
	Journal = {arXiv},
	Title = {How Many Topics? Stability Analysis for Topic Models},
	Volume = {1404.4606}}
